@MastersThesis{eye_media,
author = {Arne John Glenstroup and Theo Engell-Nielsen},
title = {Eye {C}ontrolled {M}edia: {P}resent and {F}uture {S}tate},
school = {University of Copenhagen},
year = {1995}
}

@TechReport{scott,
author = {D. Scott and J. M. Findley},
title = {Visual search, eye movements and display units},
institution = {University of Durham, South Road, Durham DH1 3LE, UK},
year = {1993}
}

@InBook{hallett,
author = {P. E. Hallett},
editor = {K. Boff, L. Kaufman and J. Thomas},
title = {Handbook of Perception and Human Performance I},
chapter = {Eye movements, pp. 10.25-10.28.},
year = {1986}
}

@TechReport{baluja,
author = {S. Baluja and D. Pomerlau},
title = {Non-intrusive gaze tracking using artificial neural network},
institution = {School of Computer Science, Carnegie Mellon University, Pittsburgh PA, USA},
year = {1993}
}

@InBook{muller,
author = {P. U. Muller, D. Cavegn, G. d'Ydewalle and R. Groner},
editor = {G. d'Ydewalle and J. V. Rensbergen},
title = {Perception and Cognition},
chapter = {A comparison of a new limbus tracker, corneal reflection technique, purkinje eye tracking and electro-oculography, pp. 393-401.},
publisher = {Elsevier Science Publishers, B.V},
year = {1993}
}

@Article{lk,
author = {B. D. Lucas and T. Kanade},
title = {An iterative image registration technique with an application to stereo vision},
journal = {Proceedings of Imaging Understanding Workshop, pages 121--130},
year = {1981}
}



@MISC{freund,
author = {Y. Freund and R. E. Schapire},
title = {A {D}ecision-{T}heoretic {G}eneralization of {O}n-line {L}earning and an {A}pplication to {B}oosting},
year = {1995}
}


@Article{shebilske,
author = {Shebilske W. L., and D.F. Fisher},
title = {Understanding {E}xtended {D}iscourse {T}hrough the {E}yes: {H}ow and {W}hy.},
journal = {Eye Movements and Psychological Functions: International Views (pp. 303?314).},
year = {1983}
}

@Article{zee,
author = {D. S. Zee, L. M. Optican, J. D. Cook, D. A. Robinson and W. K. Engel},
title = {Slow {S}accades in {S}pinocerebellar {D}egeneration.},
journal = {Archives of Neurology, 33, 243?251.},
year = {1976}
}


@Book{eyetrack_book,
author = "Andrew T. Duchowski",
title = "Eye {T}racking {M}ethodology -- {T}heory and {P}ractice -- {S}econd {E}dition",
publisher = "Springer-Verlag London",
year = "2007"
}


@Book{carpenter_book,
author = " R. H. S. Carpenter",
title = "Movements of the {E}yes",
publisher = "London: Pion",
year = "1977"
}


@MISC{urlref,
  title="Méréstechnika és {I}nformációs {R}endszerek {T}anszék honlapja",
  howpublished="\url{http://www.mit.bme.hu}"
}


